@ARTICLE{summers,
       author = {{Summers}, Tyler H. and {Cortesi}, Fabrizio L. and {Lygeros}, John},
        title = "{On Submodularity and Controllability in Complex Dynamical Networks}",
      journal = {arXiv e-prints},
     keywords = {Mathematics - Optimization and Control, Computer Science - Systems and Control},
         year = 2014,
        month = apr,
          eid = {arXiv:1404.7665},
        pages = {arXiv:1404.7665},
archivePrefix = {arXiv},
       eprint = {1404.7665},
 primaryClass = {math.OC},
       adsurl = {https://ui.adsabs.harvard.edu/abs/2014arXiv1404.7665S},
      adsnote = {Provided by the SAO/NASA Astrophysics Data System}
}



@misc{xiaowei,
Author = {Xiaowei Jia and Jared Willard and Anuj Karpatne and Jordan S Read and Jacob A Zwart and Michael Steinbach and Vipin Kumar},
Title = {Physics-Guided Machine Learning for Scientific Discovery: An Application in Simulating Lake Temperature Profiles},
Year = {2020},
Eprint = {arXiv:2001.11086},
}


@Article{greedy,
  title =	 {An analysis of approximations  for  maximizing  submodular  set  functionsâ€”\RomanNumeralCaps{1}},
  author =	 {G.L. Nemhauser, L.A. Wolsey, and M.L. Fisher},
  journal =	 {Mathematical Programming},
  number =	 1,
  volume =	 14,
  year =	 1987,
  pages =	 {265--294},
}

@Article{analytical-og,
  title =	 {Gramian-Based Model Reduction for Descriptor Systems},
  author =	 {Tatjana Stykel},
  journal =	 {Mathematics of Control, Signals and Systems},
  number =	 4,
  volume =	 16,
  year =	 2004,
  pages =	 {297--319},
}
@Article{svd-update,
  title =	 {Fast low-rank modifications of the thin singular value decomposition},
  author =	 {Matthew Brand},
  journal =	 {Linear Algebra and its Applications},
  number =	 1,
  volume =	 415,
  year =	 2006,
  pages =	 {20--3},
}

@TECHREPORT{Heinkenschloss08numericalsolution,
	author = {Matthias Heinkenschloss},
	title = {Numerical solution of implicitly constrained optimization problems},
	institution = {Rice University},
	year = {2008}
}



@ARTICLE{raissi,
       author = {{Raissi}, Maziar and {Perdikaris}, Paris and {Karniadakis}, George Em},
        title = "{Machine learning of linear differential equations using Gaussian processes}",
      journal = {Journal of Computational Physics},
     keywords = {Probabilistic machine learning, Inverse problems, Fractional differential equations, Uncertainty quantification, Functional genomics, Computer Science - Machine Learning, Mathematics - Numerical Analysis, Statistics - Machine Learning},
         year = 2017,
        month = nov,
       volume = {348},
        pages = {683-693},
          doi = {10.1016/j.jcp.2017.07.050},
archivePrefix = {arXiv},
       eprint = {1701.02440},
 primaryClass = {cs.LG},
       adsurl = {https://ui.adsabs.harvard.edu/abs/2017JCoPh.348..683R},
      adsnote = {Provided by the SAO/NASA Astrophysics Data System}
}




@Article{KoMa14,
  title =	 {An Adaptive Shifted Power Method for Computing
                  Generalized Tensor Eigenpairs},
  author =	 {Tamara G. Kolda and Jackson R. Mayo},
  doi =		 {10.1137/140951758},
  journal =	 {SIAM Journal on Matrix Analysis and Applications},
  number =	 4,
  volume =	 35,
  year =	 2014,
  month =	 dec,
  pages =	 {1563--1581},
}

@Misc{siam,
  key = {zzz},
  title =	 {{SIAM} Style Manual: For journals and books},
  year =	 2013,
url = {https://www.siam.org/journals/pdf/stylemanual.pdf}}

@Misc{Hi14,
  author =	 {Nick Higham},
  title =	 {A Call for Better Indexes},
  howpublished = {SIAM Blogs},
  year =	 2014,
  month =	 nov,
  url =		 {http://blogs.siam.org/a-call-for-better-indexes/},
  urldate =	 {2015-04-05}
}

@Misc{PeKoPi14,
  title = {Accelerating Community Detection by Using {K}-core Subgraphs},
  author =	 {Chengbin Peng and Tamara G. Kolda and Ali Pinar},
  eprint =	 {1403.2226},
  year =	 2014,
  month =	 mar,
  eprintclass =	 {math.NA}
}


@Article{WoZhMeSh05,
  author =	 {Woessner, Donald E. and Zhang, Shanrong and
                  Merritt, Matthew E. and Sherry, A. Dean},
  title = {Numerical Solution of the {Bloch} Equations Provides Insights 
                  into the Optimum Design of {PARACEST} Agents for {MRI}},
  journal =	 {Magnetic Resonance in Medicine},
  doi =		 {10.1002/mrm.20408},
  volume =	 53,
  number =	 4,
  month =	 apr,
  year =	 2005,
  pages =	 {790--799},
  archiveprefix = {PubMed},
  archive =	 {https://www.ncbi.nlm.nih.gov/pubmed},
  eprint =	 {15799055}
}

@Article{Ne03,
  title =	 {Properties of Highly Clustered Networks},
  author =	 {Newman, M. E. J.},
  doi =		 {10.1103/PhysRevE.68.026121},
  journal =	 {Phys. Rev. E},
  volume =	 {68},
  year =	 {2003},
  eid =		 {026121},
  pagetotal =	 6,
  month =	 aug,
}

@misc{clawpack,
  title =	 {Clawpack Software},
  author =	 {{Clawpack Development Team}},
  url =		 {http://www.clawpack.org},
  urldate =	 {2015/05/14},
  note =	 {Version 5.2.2},
  year =	 2015
}

@Misc{AMSMSC2010,
  title =	 {{Mathematics Subject Classification}},
  author =	 {{American Mathematical Society}},
  year =	 {2010},
  url =		 {http://www.ams.org/mathscinet/msc/msc2010.html},
  urldate =	 {2015/03/29},
}



@book{La86,
  author =	 "Leslie Lamport",
  title =	 "\LaTeX: A Document Preparation System",
  publisher =	 "Addison--Wesley",
  year =	 "1986",
  address =	 "Reading, MA"
}

@Book{MiGo04,
  author =	 {Frank Mittlebach and Michel Goossens},
  title =	 {The \LaTeX\ Companion},
  publisher =	 {Addison--Wesley},
  year =	 2004,
  edition =	 {2nd}}

@Book{GoVa13,
  author =	 {Golub, Gene H. and Van Loan, Charles F.},
  title =	 {Matrix Computations},
  publisher =	 {The Johns Hopkins University Press},
  address =	 {Baltimore},
  year =	 2013,
  edition =	 {4th}
}


@Misc{CalcI,
  author =	 {Paul Dawkins},
  title =	 {Paul's Online Math Notes: Calculus {I} --- Notes},
  url =               {http://tutorial.math.lamar.edu/Classes/CalcI/MeanValueTheorem.aspx},
  urldate =	 {2015-07-08}}

@Misc{amsmath,
  author =	 {{American Mathematical Society}},
  title =	 {User's Guide for the \texttt{amsmath} Package
                  (Version 2.0)},
  url =		 {ftp://ftp.ams.org/pub/tex/doc/amsmath/amsldoc.pdf},
  urldate =	 {2015-07-30},
  year =	 2002}

@Misc{shortmath,
  author =	 {Michael Downes},
  title =	 {Short Math Guide for {\LaTeX}},
  url =		 {ftp://ftp.ams.org/pub/tex/doc/amsmath/short-math-guide.pdf},
  urldate =	 {2015-07-30},
  year =	 2002}

@Misc{pgfplots,
  author =	 {Christian Feuers\"anger},
  title =	 {Manual for Package \texttt{PGFPLOTS}},
  month =	 may,
  year =	 2015,
  url =		 {http://sourceforge.net/projects/pgfplots}
}

